% This file was created with JabRef 2.9.2.
% Encoding: Cp1252

@MISC{Jedis,
	author = {Leibiusky,Jonathan},
	title = {Jedis GitHub Repository},
	howpublished = {\url{https://github.com/xetorthio/jedis}},
	note = {Accessed 17.11.2014}
}

@ARTICLE{Flajolet2007,
	author = {Flajolet,Philippe and Fusy,Éric and Gandouet,Olivier and Meunier,Frédéric},
	title = {HyperLogLog: the analysis of a near-optimal cardinality estimation algorithm},
	year = {2007},
	numpages = {19}
}

@ARTICLE{Heule2013,
	author = {Heule,Stefan and Nunkesser,Marc and Hall,Alexander},
	title = {HyperLogLog in Practice: Algorithmic Engineering of a State of The Art Cardinality Estimation Algorithm},
	year = {2013},
	numpages = {10}
}

@MISC{Macbeth2013,
	author = {Soren Macbeth},
	title = {Introduction to ElephantDB},
	year = {2013}
}

@MISC{ElephantDB,
	author = {Nathan Marz},
	title = {ElephantDB repository on GitHub},
	howpublished = {\url{https://github.com/nathanmarz/elephantdb}},
	note = {Accessed 14.10.2014}
}

@BOOK{Hewitt2011,
	author = {Eben Hewitt},
	title = {Cassandra - The Definitive Guide},
	year = {2011},
	numpages = {304}
}

@MISC{Avinash2014,
	author = {Lakshman,Avinash and Malik,Prashant},
	title = {Cassandra - A Decentralized Structured Storage System},
	howpublished = {\url{http://www.datastax.com/documentation/articles/cassandra/cassandrathenandnow.html}},
	note = {Accessed 08.10.2014}
}

@MISC{Cassandra,
	author = {DataStax},
	title = {Apache Cassandra 2.0 Online Documentation},
	howpublished = {\url{http://www.datastax.com/documentation/cassandra/2.0/cassandra/gettingStartedCassandraIntro.html}},
	note = {Accessed 07.10.2014}
}

@MISC{AMQP2011,
	title = {AMQP Specification v1.0 Final},
	month = {October},
	year = {2011},
	numpages = {112}
}

@BOOK{AlvaroWilliams2012,
	author = {Videla,Alvaro and Williams,Jason J.W.},
	title = {RabbitMQ in Action. Distributed messaging for everyone},
	year = {2012},
	numpages = {288}
}

@MISC{RabbitMQ,
	author = {Pivotal Software},
	title = {RabbitMQ Online Documentation},
	howpublished = {\url{http://www.rabbitmq.com/documentation.html}},
	note = {Accessed 06.10.2014}
}

@MISC{Thrift,
	author = {Apache Software Foundation},
	title = {Thrift Online Documentation},
	howpublished = {\url{http://thrift.apache.org/docs/}},
	note = {Accessed 29.09.2014}
}

@ARTICLE{Slee2007,
	author = {Slee,Mark and Agarwal,Aditya and Kwiatkowski,Marc},
	title = {Thrift: Scalable Cross-Language Services Implementation},
	year = {2007},
	numpages = {8}
}

@MISC{Redis,
	author = {Sanfilippo,Salvatore and Noordhuis,Pieter},
	title = {Redis Online Documentation},
	howpublished = {\url{http://redis.io/documentation}},
	note = {Accessed 11.09.2014}
}

@BOOK{Seguin2012,
	author = {Karl Seguin},
	title = {The Little Redis Book},
	year = {2012},
	numpages = {30},
	url={https://github.com/karlseguin/the-little-redis-book}
}

@MISC{Spark1,
	author = {Apache Software Foundation},
	title = {Spark Programming Guide},
	howpublished = {\url{https://spark.apache.org/docs/latest/programming-guide.html}},
	note = {Accessed 23.09.2014}
}

@MISC{Spark2,
	author = {Apache Software Foundation},
	title = {Spark Streaming Programming Guide},
	howpublished = {\url{https://spark.apache.org/docs/latest/streaming-programming-guide.html}},
	note = {Accessed 11.09.2014}
}

@ARTICLE{Zaharia2013,
	author = {Zaharia,Matei and Das,Tathagata and Li,Haoyuan and Hunter,Timothy and Shenker,Scott and Stoica,Ion},
	title = {Discretized Streams: Fault-Tolerant Streaming Computation at Scale},
	year = {2013},
	numpages = {16}
}

@ARTICLE{Zaharia2010,
	author = {Zaharia,Matei and Chowdhury,Mosharaf and Franklin,Michael J. and Shenker,Scott and Stoica,Ion},
	title = {Spark: Cluster Computing with Working Sets},
	year = {2010},
	numpages = {7}
}

@ARTICLE{Pinheiro2007,
	author = {Pinheiro,Eduardo and Weber,Wolf-Dietrich  and Barroso,Luiz Andre},
	title = {Failure Trends in a Large Disk Drive Population},
	year = {2007},
	numpages = {13}
}

@MISC{JVM,
	author = {Lindholm,Tim and Yellin,Frank and Bracha,Gilad and Buckley,Alex},
	title = {The Java® Virtual Machine Specification. Java SE 8 Edition},
	month = mar,
	year = {2014},
	howpublished = {\url{http://docs.oracle.com/javase/specs/jvms/se8/html/index.html}},
	note = {Accessed 09.09.2014}
}

@MISC{HDFSArchitecture2,
	author = {Chansler,Robert and Kuang,Hairong and Radia,Sanjay and Shvachko,Konstantin and Srinivas,Suresh},
	title = {The Hadoop Distributed File System},
	howpublished = {\url{http://www.aosabook.org/en/hdfs.html}},
	note = {Accessed 09.09.2014}
}

@MISC{HDFSArchitecture1,
	author = {Apache Software Foundation},
	title = {HDFS Architecture},
	month = aug,
	year = {2014},
	howpublished = {\url{http://hadoop.apache.org/docs/current/hadoop-project-dist/hadoop-hdfs/HdfsDesign.html}},
	note = {Accessed 08.09.2014}
}

@ARTICLE{Boykin2013,
	author = {Boykin,Oscar and Ritchie,Sam and O'Connell,Ian and Lin,Jimmy},
	title = {Summingbird: A Framework for Integrating Batch and Online MapReduce Computations},
	year = {2013},
	numpages = {11}
}

@ARTICLE{Toshniwal2014,
	author = {Toshniwal,Ankit and Taneja,Siddarth and Shukla,Amit and Ramasamy,Karthik and Patel,Jignesh M. and Kulkarni,Sanjeev and Jackson,Jason and Gade,Krishna and Fu,Maosong and Donham,Jake and Bhagat,Nikunj and Mittal,Sailesh and Ryaboy,Dmitriy},
	title = {Storm @Twitter},
	year = {2014},
	numpages = {10}
}

@MISC{BitcoinFoundation2012,
	author = {Andersen,Gavin},
	title = {Core Development Status Report 1},
	month = nov,
	year = {2012},
	howpublished = {\url{https://bitcoinfoundation.org/2012/11/core-development-status-report-1/}},
	note = {Accessed 06.09.2014}
}

@ARTICLE{Cormode,
	author = {Cormode,Graham},
	title = {Sketch Techniques for Approximate Query Processing},
	numpages = {11}
}

@ARTICLE{BroderMitzenmacher2005,
	author = {Broder,Andrei and Mitzenmacher,Michael},
	title = {Network Applications of Bloom Filters: A Survey},
	year={2005},
	numpages = {11}
}

@BOOK{Marz2014,
	author = {Marz,Nathan and Warren,James},
	title = {Big Data. Principles and best practices of scalable realtime data systems},
	publisher = {Manning Publications Co.},
	year = {2014},
	edition = {MEAP 18},
	url = {http://manning.com/marz/}
}
